<?xml version="1.0" encoding="UTF-8"?><collection><record><leader>07248ntm a2200565 a 4500</leader><controlfield tag="001">006769634</controlfield><controlfield tag="003">MiAaHDL</controlfield><controlfield tag="005">20190719000000.0</controlfield><controlfield tag="006">m        d        </controlfield><controlfield tag="007">cr bn ---auaua</controlfield><controlfield tag="008">090506q18321833xx            00| ||ara d</controlfield><datafield tag="035" ind1=" " ind2=" "><subfield code="a">(MiU)006769634</subfield></datafield><datafield tag="035" ind1=" " ind2=" "><subfield code="a">sdr-miu006769634</subfield></datafield><datafield tag="040" ind1=" " ind2=" "><subfield code="a">MiU</subfield><subfield code="c">MiU</subfield><subfield code="e">amremm</subfield></datafield><datafield tag="043" ind1=" " ind2=" "><subfield code="a">n-us-mi</subfield></datafield><datafield tag="100" ind1="1" ind2=" "><subfield code="6">880-01</subfield><subfield code="a">Taftāzānī, Masʻūd ibn ʻUmar,</subfield><subfield code="d">1322-1389?</subfield></datafield><datafield tag="240" ind1="1" ind2="0"><subfield code="6">880-02</subfield><subfield code="a">Muṭawwal</subfield></datafield><datafield tag="245" ind1="1" ind2="3"><subfield code="6">880-03</subfield><subfield code="a">al-Muṭawwal sharḥ al-Talkhīṣ,</subfield><subfield code="f">1248, i.e. 1832 or 1833].</subfield></datafield><datafield tag="260" ind1=" " ind2=" "><subfield code="c">[1832 or 1833].</subfield></datafield><datafield tag="300" ind1=" " ind2=" "><subfield code="a">180 leaves :</subfield><subfield code="b">paper ;</subfield><subfield code="c">240 x 170 (175 x 110) mm.</subfield></datafield><datafield tag="500" ind1=" " ind2=" "><subfield code="a">Shelfmark: Ann Arbor, University of Michigan, Special Collections Library, Isl. Ms. 149</subfield></datafield><datafield tag="500" ind1=" " ind2=" "><subfield code="a">Origin: As appears in colophon on p.361, copied by Aḥmad ibn Ḥasan with transcription completed ("qad tamma hādhā al-kitāb ... bi-qalam...") in the year 1248 [1832 or 3].</subfield></datafield><datafield tag="500" ind1=" " ind2=" "><subfield code="a">Accompanying materials: Inserts in wove paper carrying notes (paginated pp.9-10 and pp.83-84).</subfield></datafield><datafield tag="500" ind1=" " ind2=" "><subfield code="a">Former shelfmark: British Museum, London "No. 127. Kitab al-mutawwal, commentary on al-Bayan of al-Talkhis." ; "٤٠٩" on tail of textblock.</subfield></datafield><datafield tag="500" ind1=" " ind2=" "><subfield code="a">Binding: Pasteboards covered in marbled paper (in yellow, blue, and pink) with red over spine, foredge flap and edges/turn-ins ; board linings in laid paper ; green lining at interior of foreedge flap and spine ; sewn in red thread, two stations ; endbands in white thread over leather core, lost at head and showing remains at tail ; spine has been repaired at head and tail with strip of red leather pasted across spine ; repair at tail is partially lost and leather over spine is splitting ; leather at head and tail of spine cracking and abraded and endbands damaged but otherwise codex is sound, in overall fair condition.</subfield></datafield><datafield tag="500" ind1=" " ind2=" "><subfield code="a">Support: European laid paper with 13 laid lines per cm. (vertical) and chain lines spaced 28 mm. apart (horizontal) ; watermarks include eagle and a bird within scrollwork.</subfield></datafield><datafield tag="500" ind1=" " ind2=" "><subfield code="a">Decoration: Fine headpiece on incipit page (p.2) consisting of rectangular panel carrying the basmalah surmounted by scalloped semi-circular piece (dome) containing swirling floral design in reddish-pink on light reddish-pink field ; tailpiece (p.361) surrounding triangular explicit and colophon in field of light reddish-pink including swirling floral design in similar reddish-pink ink ; written area throughout surrounded by red rule-border ; section headings, notabilia (sideheads), some interlinear corrections and abbreviation symbols rubricated ; text commented upon overlined in red ; textual dividers in red.</subfield></datafield><datafield tag="500" ind1=" " ind2=" "><subfield code="a">Script: Naskh ; bold, heavy line ; compact ; slight tilt to left; adheres to baseline ; freely ligatured (with final hāʼ or tāʼ marbūtah assimilated with previous rāʼ or dāl) ; rightward descenders tapered ; counters tend to be open ; superscripting of final letters such as nūn following alif ; prominent waw with striking open counter ; partially vocalized, in same black ink ; interlinear and marginal glosses in several different hands while some glosses appear to be in same hand as main text.</subfield></datafield><datafield tag="500" ind1=" " ind2=" "><subfield code="a">Layout: Written in 27 lines per page ; frame-ruled.</subfield></datafield><datafield tag="500" ind1=" " ind2=" "><subfield code="a">Collation: 18 V (360) ; entirely quinions ; catchwords present ; pagination in pencil, Western numerals, supplied during digitization (includes inserts).</subfield></datafield><datafield tag="500" ind1=" " ind2=" "><subfield code="a">Colophon: "Scribal," triangular, reads: "قد تم هذا الكتاب المطول شرح التلخيص بقلم احمد بن حسن في سنة ثمان و اربعين و ماتين و الف غفر الله لهما و اليه رحم الله لمن نظر و قراء و استفاده و دعاء لكاتبه ان وجد فيه سهو و خطاء يصحح و لا يعيب لان الانسان لا يخلو من الخطاء و النسيان م م م"</subfield></datafield><datafield tag="500" ind1=" " ind2=" "><subfield code="a">Explicit: "قوله يظهر ذلك بالتامل مع التذكر لما تقدم من الاصول المذكورة فى الفنون الثلثة وتفاصيل ذلك مما لا نفى لها الدفاتر لا يمكن الاطلاع على كنهها الا لعلام الغيوب هذا اخرما اردنا جمعه من الفوائد و نظه من الفرائد مع توزع البال...و الحمد لله و لي الانعام و الصلوة على محمد واله عليه و عليهم السلام في جميع الاعوام برحمتك يا ارحم الراحمين بعون الله الملك الوهاب"</subfield></datafield><datafield tag="500" ind1=" " ind2=" "><subfield code="a">Incipit: "الحمد لله الذى الهمنا حقائق المعانى ودقائق البيان وخصصنا ببدائع الايادى وروائع الاحسان ... وبعد فان احق الفضائل بالتقديم واسبقها فى استيجاب التعظيم هو التحلى بحقائق العلوم والمعارف ...وكثيرا ما يحالج قلبي ان اشرح كتاب تلخيص المفتاح ... بسم الله الرحمن الرحيم الحمد لله افتح كتابه بعد التيمن بالتسمية بحمد الله تعالى"</subfield></datafield><datafield tag="500" ind1=" " ind2=" "><subfield code="a">Title from colophon on p.361.</subfield></datafield><datafield tag="500" ind1=" " ind2=" "><subfield code="a">Ms. codex.</subfield></datafield><datafield tag="510" ind1="4" ind2=" "><subfield code="a">Brockelmann, C. GAL,</subfield><subfield code="c">I, 295 ; SI</subfield></datafield><datafield tag="520" ind1="8" ind2=" "><subfield code="a">Fine copy of the commentary by al-Taftāzānī on Talkhīṣ al-Miftāḥ by Jalāl al-Dīn al-Qazwīnī (d. 739/1338), an abridgment of the third part of Miftāḥ al-ʻulūm by al-Sakkākī (d. 626/1229), on ʻIlm al-maʻānī wa-al-bayān. Description provided mainly by Sarah Mirza.</subfield></datafield><datafield tag="538" ind1=" " ind2=" "><subfield code="a">Mode of access: Internet.</subfield></datafield><datafield tag="541" ind1=" " ind2=" "><subfield code="c">Purchase ;</subfield><subfield code="a">Acquired by purchase (funds donated by Horace Rackham).</subfield><subfield code="d">1924.</subfield></datafield><datafield tag="546" ind1=" " ind2=" "><subfield code="a">Arabic.</subfield></datafield><datafield tag="561" ind1=" " ind2=" "><subfield code="a">Bookplate of British Museum, London on interior of upper cover, "British Museum, London. No. 127. Kitab al-mutawwal, commentary on al-Bayan of al-Talkhis." ; circular seal impression with figure of goat/gazelle in purple ink as well as inscription "247" in Western numerals on verso of final leaf (p.364) ; circular waqf-seal impression in black ink appears on 'title page' (p.1) and several places throughout, reads: "هذا وقف الراجي فيض الصمدي الشيخ احمد ضيا الدين ابن مصطفى الخالدي فمن بدله بعد ما سمعه فانما اثمه على الذين يبدلونه" in name of Aḥmad Ḍiyāʼ al-Dīn ibn Muṣṭafá al-Khālidī (i.e. Ahmed Ziyâüddîn Gümüşhanevî, d. 1893 or 4) ; occasional collation marks appear in margins, including use of نسخة to indicate variants.</subfield></datafield><datafield tag="600" ind1="1" ind2="0"><subfield code="a">Qazwīnī, Jalāl al-Dīn Muḥammad ibn ʻAbd al-Raḥmān,</subfield><subfield code="d">1267 or 8-1338.</subfield><subfield code="t">Talkhīṣ al-Miftāḥ.</subfield></datafield><datafield tag="650" ind1=" " ind2="0"><subfield code="a">Manuscripts, Arabic</subfield><subfield code="z">Michigan</subfield><subfield code="z">Ann Arbor.</subfield></datafield><datafield tag="650" ind1=" " ind2="0"><subfield code="a">Arabic language</subfield><subfield code="x">Rhetoric</subfield><subfield code="v">Early works to 1800.</subfield></datafield><datafield tag="700" ind1="1" ind2="2"><subfield code="6">880-04</subfield><subfield code="a">Aḥmad ibn Ḥasan,</subfield><subfield code="d">fl. 1832 or 3,</subfield><subfield code="e">scribe.</subfield></datafield><datafield tag="773" ind1="0" ind2=" "><subfield code="a">Tiflis Collection.</subfield></datafield><datafield tag="880" ind1="1" ind2="2"><subfield code="6">700-04/</subfield><subfield code="a">احمد بن حسن،</subfield><subfield code="e">ناسخ.</subfield></datafield><datafield tag="880" ind1="1" ind2="2"><subfield code="6">245-03/</subfield><subfield code="a">المطول شرح التلخيص,</subfield><subfield code="f">1248ه, 1832 أو 1833م].</subfield></datafield><datafield tag="880" ind1="1" ind2="0"><subfield code="6">240-02/</subfield><subfield code="a">مطول</subfield></datafield><datafield tag="880" ind1="1" ind2=" "><subfield code="6">100-01/</subfield><subfield code="a">.تفتازاني، مسعود بن عمر</subfield></datafield><datafield tag="CID" ind1=" " ind2=" "><subfield code="a">006769634</subfield></datafield><datafield tag="DAT" ind1="0" ind2=" "><subfield code="a">20190719102635.0</subfield><subfield code="b">20190719000000.0</subfield></datafield><datafield tag="DAT" ind1="1" ind2=" "><subfield code="a">20190719090653.0</subfield><subfield code="b">2019-07-19T16:11:20Z</subfield></datafield><datafield tag="DAT" ind1="2" ind2=" "><subfield code="a">2015-10-10T18:00:06Z</subfield></datafield><datafield tag="CAT" ind1=" " ind2=" "><subfield code="a">SDR-MIU</subfield><subfield code="d">EX LIBRIS - ALEPH</subfield><subfield code="l">prepare.pl-004-008</subfield></datafield><datafield tag="FMT" ind1=" " ind2=" "><subfield code="a">BK</subfield></datafield><datafield tag="HOL" ind1=" " ind2=" "><subfield code="0">sdr-miu006769634</subfield><subfield code="a">MiU</subfield><subfield code="b">SDR</subfield><subfield code="c">MIU</subfield><subfield code="p">mdp.39015079125921</subfield><subfield code="s">MIU</subfield><subfield code="1">006769634</subfield></datafield><datafield tag="974" ind1=" " ind2=" "><subfield code="b">MIU</subfield><subfield code="c">MIU</subfield><subfield code="d">20190719</subfield><subfield code="s">lit-dlps-dc</subfield><subfield code="u">mdp.39015079125921</subfield><subfield code="y">1833</subfield><subfield code="r">pd</subfield><subfield code="q">bib</subfield><subfield code="t">non-US bib date2 &lt; 1896</subfield></datafield></record></collection>